<?xml version="1.0" encoding="UTF-8"?><collection xmlns="http://www.loc.gov/MARC21/slim"><record><leader>00545nam--2200181-i-4500</leader><controlfield tag="001">000048530</controlfield><controlfield tag="002">20161230</controlfield><controlfield tag="005">20161230201047</controlfield><controlfield tag="008">060222s1000------------r-----000-0-eng-d</controlfield><datafield ind1=" " ind2=" " tag="040"><subfield code="a">IFIN-HH</subfield></datafield><datafield ind1=" " ind2=" " tag="080"><subfield code="a">524.1:539.12.162.8(061.3)</subfield></datafield><datafield ind1="1" ind2=" " tag="110"><subfield code="a">International Union Of Pure And Applied Physics</subfield></datafield><datafield ind1="1" ind2="0" tag="245"><subfield code="a">Proceedings of the moscow cosmic ray conference</subfield></datafield><datafield ind1=" " ind2=" " tag="260"><subfield code="a">Moscow</subfield><subfield code="b">International Union Of Pure And Applied Physics</subfield><subfield code="c">1960</subfield></datafield><datafield ind1=" " ind2=" " tag="300"><subfield code="a">4 VOLUME</subfield></datafield><datafield ind1="1" ind2=" " tag="787"><subfield code="a">Volume Iv</subfield><subfield code="h">366p</subfield></datafield><datafield ind1=" " ind2=" " tag="852"><subfield code="a">7106</subfield><subfield code="c">539.13</subfield></datafield><datafield ind1=" " ind2=" " tag="CAT"><subfield code="a">Sys</subfield><subfield code="c">20120222</subfield><subfield code="h">155444</subfield></datafield></record></collection>